@MISC{
    BGP,
    AUTHOR    = "Y. Rekhter AND T. Li AND S. Hares",
    TITLE     = "A Border Gateway Protocol 4 (BGP-4)",
	HOWPUBLISHED = "\url{http://tools.ietf.org/html/rfc4271}"
}
@MISC{
	PGBGP1,
	AUTHOR	= "J. Karlin AND S.Forrest AND J.Rexford",
	TITLE 	= "Autonomous security for autonomous systems",
	HOWPUBLISHED = "\url{http://cs.unm.edu/~karlinjf/papers/pgbgp_cn.pdf}"
}

@conference{
	PGBGP2,
	AUTHOR	= "J. Karlin AND S.Forrest AND J.Rexford",
	TITLE 	= "Pretty good BGP: Improving BGP by cautiously adopting routes",
	BOOKTITLE = "14th IEEE International Conference on Network Protocols",
	HOWPUBLISHED = "\url{http://cs.unm.edu/~karlinjf/papers/pgbgp_icnp.pdf}",
	YEAR = "2006"
}
@MISC{
	CAIDA1,
	TITLE = "Internet Mapping: from Art to Science",
	AUTHOR = "Kimberly Claffy AND Young Hyun AND Ken Keys AND Marina Fomenkov 				AND Dmitri Krioukov",
	INSTITUTION = "CAIDA",
	HOWPUBLISHED =
	"\url{http://www.caida.org/publications/papers/2009/internet_mapping/internet_mapping.pdf}"
}	

@MISC{
	CAIDA2,
	TITLE = "Internet Mapping: from Art to Science",
	AUTHOR = "Bradley Huffaker AND Marina Fomenkov AND David Moore AND Evi
	Nemeth AND Kimberly Claffy",
	INSTITUTION = "CAIDA",
	HOWPUBLISHED =
	"\url{http://www.caida.org/publications/papers/2000/asia_paper/asia_paper.html}"
}
@inproceedings{BGP-path-stability,
 	author = {Butler,, Kevin and McDaniel,, Patrick and Aiello,, William},
  	title = {Optimizing BGP security by exploiting path stability},
   	booktitle = {CCS '06: Proceedings of the 13th ACM conference on Computer and communications security},
    year = {2006},
	isbn = {1-59593-518-5},
	pages = {298--310},
	location = {Alexandria, Virginia, USA},
	doi = {http://doi.acm.org/10.1145/1180405.1180442},
	publisher = {ACM},
	address = {New York, NY, USA},
}
@inproceedings{BGP-eye,
 	author = {Teoh,, Soon Tee and Ranjan,, Supranamaya and Nucci,, Antonio and
 	Chuah,, Chen-Nee},
  	title = {BGP eye: a new visualization tool for real-time detection and
  	analysis of BGP anomalies},
   	booktitle = {VizSEC '06: Proceedings of the 3rd international workshop on
   	Visualization for computer security},
    year = {2006},
	isbn = {1-59593-549-5},
	pages = {81--90},
	location = {Alexandria, Virginia, USA},
	doi = {http://doi.acm.org/10.1145/1179576.1179593},
	publisher = {ACM},
	address = {New York, NY, USA},
}
		   

